@article{:/content/journals/10.4269/ajtmh.2003.69.634,
   author = "ALI, MOHAMMAD and WAGATSUMA, YUKIKO and EMCH, MICHAEL and BREIMAN, ROBERT F.",
   title = "USE OF A GEOGRAPHIC INFORMATION SYSTEM FOR DEFINING SPATIAL RISK FOR DENGUE TRANSMISSION IN BANGLADESH: ROLE FOR AEDES ALBOPICTUS IN AN URBAN OUTBREAK",
   journal = "The American Journal of Tropical Medicine and Hygiene",
   year = "2003",
   volume = "69",
   number = "6", 
   eid = "",
   pages = "634-640",
   url = "https://www.ajtmh.org/content/journals/10.4269/ajtmh.2003.69.634",
   doi = "https://doi.org/10.4269/ajtmh.2003.69.634" 
}

