@article{WILDERSMITH20081377,
title = "Geographic Expansion of Dengue: The Impact of International Travel",
journal = "Medical Clinics of North America",
volume = "92",
number = "6",
pages = "1377 - 1390",
year = "2008",
note = "New and Emerging Infectious Diseases",
issn = "0025-7125",
doi = "https://doi.org/10.1016/j.mcna.2008.07.002",
url = "http://www.sciencedirect.com/science/article/pii/S0025712508000989",
author = "Annelies Wilder-Smith and Duane J. Gubler",
keywords = "Dengue, International travel, Geographic spread of dengue, Factors for resurgence of dengue"
}